@InProceedings{andrade2019,
author = {Ariana Camilo Leovergilio de Andrade 
	and Ana Cristina Fricke Matte 
	and Elaine Teixeira da Silva 
	and Eliane Lima Piske 
	and F\'{a}bio dos Santos Coradini
	and Jader Lu\'{i}s da Silveira
	and Mauricio Teixeira Mendes
	and Nathan Peixoto Oliveira
	and Paulo Soares Batista
	and Priscilla Tulipa da Costa
	and Tielle Alves Souto},
title = {Editorial},
booktitle = {Anais do Congresso Nacional Universidade EAD e Software Livre},
pages = {1-11},
year = {2019},
volume = {2},
number = {10},
url = {http://www.periodicos.letras.ufmg.br/index.php/ueadsl/article/view/16199},
urldate = {2013-05-16}
}



@Book{bersh2019,
  author = {\^{A}ngela Adriane Schmidt Bersch and Eliane Lima Piske and Maria Angela Mattar Yunes and Narjara Mendes Garcia and Simone de Biazzi \'{A}vila Batista da Silveira and Angela Torma Pietro},
%  editor = {},
  title = {Programa de forma\c{c}\~{a}o de educadores sociais na promo\c{c}\~{a}o da resili\^{e}ncia profissional},
  publisher = {Ed. da FURG},
  address = {Rio Grande},
  year = {2019}
}

@misc{eca1990,
  author = {Brasil},
  title = {Estatuto da Crian\c{c}a e do Adolescente. Lei 8.069 de 13 de julho de 1990},
  address = {Porto Alegre: Conselho Estadual dos Direitos da Crian\c{c}a e do Adolescente},
  url = {http://www.planalto.gov.br/ccivil_03/leis/l8069.htm},
  urldate = {2020-10-02}
}

@Book{brofen1996,
  author = {Urie Bronfenbrenner},
  title = {A ecologia do desenvolvimento humano: experimentos naturais e planejados},
  publisher = {Artes M\'{e}dicas},
  edition = {2},
  address = {Porto Alegre},
  year = {1996}
}

@Book{brofen2011,
  author = {Urie Bronfenbrenner},
  title = {Bioecologia do Desenvolvimento Humano: Tornando os Seres Humanos mais Humanos},
  publisher = {Artmed},
  year = {2011},
  note = {Tradu\c{c}\~{a}o de Andr\'{e} de Carvalho-Barreto. Revis\~{a}o t\'{e}cnica de   Silvia Helena-Koller}
}

@Book{carvalho2012,
  author = {Maria Clotilde Rossetti-ferreira and Maria Isabel Pedrosa and Ana M. A. Carvalho},
  title = {Aprendendo Com A Crian\c{c}a De Zero A Seis Anos},
  publisher = {Cortez},
  year = {2012}
}

@PhdThesis{couto2015,
  author = {Z\'{e}lia de F\'{a}tima Seibt do Couto},
  title = {Metadesign Educacional: A autonomia compartilhada como cultura emergente da conviv\^{e}ncia digital},
  school = {Programa de P\'{o}s-Gradua\c{c}\~{a}o em Educa\c{c}\~{a}o Ambiental, FURG},
  year = {2015},
  url = {https://argo.furg.br/?BDTD10732},
  urldate = {2020-08-23}
}

@PhdThesis{epstein2017,
  author = {Daniel Epstein},
  title = {Uso do Minerador de Textos Sobek como Ferramenta de Apoio \`{a} Compreens\~{a}o Textual},
  school = {Universidade Federal do Rio Grande do Sul},
  year = {2017},
  url = {https://www.lume.ufrgs.br/handle/10183/178332},
  urldate = {2018-08-27}
}

@Book{gomes2013,
  author = {Marineide de Oliveira Gomes},
  title = {Forma\c{c}\~{a}o de professores na educa\c{c}\~{a}o infantil},
  %publisher = {},
  edition = {2},
  address = {S\~{a}o Paulo},
  year = {2013}
}

@Book{piske2020,
  author = {Ana Cristina Fricke Matte and Eliane Lima Piske},
  title = {Guia pr\'{a}tico e reflexivo do uso da internet pelo professor: evento did\'{a}tico},
  publisher = {Pedro \& Jo\~{a}o},
  %Coleção Nasnuv Cadernos Didáticos
  address = {S\~{a}o Carlos},
  year = {2020}
}

@Book{maturana1998,
  author = {Humberto Maturana},
  title = {Emo\c{c}\~{o}es e linguagem na educa\c{c}\~{a}o e na pol\'{i}tica},
  publisher = {UFMG},
  address = {Belo Horizonte},
  translator = {Jos\'{e} Fernando Campos Fortes},
  year = {1998}
}

@Book{maturana2011,
  author = {Humberto R. Maturana and Francisco J. Varela},
  title = {A \'{a}rvore do conhecimento: as bases biol\'{o}gicas da compreens\~{a}o humana},
  publisher = {Palas Athena},
  translator = {Humberto Mariotti and Lia Diskin},
  address = {S\~{a}o Paulo},
  year = {2011}
}


@Book{maturana2009,
  author = {Humberto Maturana and Ximena Davila Yanez},
  title = {Habitar humano em seis ensaios de biologia cultural},
  publisher = {Palas Athena},
  translator = {Edson Ara\'{u}jo Cabral},
  address = {S\~{a}o Paulo},
  year = {2009}
}

@Article{marin2009,
author = {Juan Carlos Mart\'{i}n-Quintana and M.a Luisa M\'{a}iquez Chaves and M.a Jos\'{e} Rodrigo L\'{o}pez and Sonia Byme and Beatriz Rodr\'{i}guez Ruiz and Guacimara Rodr\'{i}guez Su\'{a}rez},
title = {Programas de Educaci\'{o}n Parental},
journal = {Psychosocial Intervention},
year = {2009},
volume = {18},
number = {2},
pages = {57--65},
month = {jul.}
}

@article{Missio2018,
  doi = {10.5209/soci.59347},
  url = {https://doi.org/10.5209/soci.59347},
  year = {2018},
  month = sep,
  publisher = {Universidad Complutense de Madrid ({UCM})},
  volume = {2},
  number = {0},
  author = {Joana Missio and Dorian M{\^{o}}nica Arpini},
  title = {El juego en la vivencia de calle de los ni{\~{n}}os: retratos y narraciones a partir de Dibujos-Historias},
  journal = {Sociedad e Infancias}
}

@Book{koller2016,
  author = {S\'{i}lvia Helena Koller and Normanda Araujo de Morais and Simone dos Santos Paludo},
  title = {Inser\c{c}\~{a}o ecol\'{o}gica: um m\'{e}todo de estudo do desenvolvimento humano},
  publisher = {Casa do Psic\'{o}logo},
  address = {S\~{a}o Paulo},
  year = {2016}
}

@InProceedings{piske2018,
author = {Eliane Lima Piske and Narjara Mendes Garcia},
title = {Congresso Nacional Universidade EAD e Software Livre como contexto educador: o Sulear de Con-sci\^{e}ncias},
booktitle = {Anais do Congresso Nacional Universidade, EAD e Software Livre},
pages = {1--5},
year = {2018},
volume = {1},
number = {9},
address = {Belo Horizonte},
url = {http://www.periodicos.letras.ufmg.br/index.php/ueadsl/article/view/13838/1125611527},
urldate = {2020-10-05}
}

@article{piske2018b,
  doi = {10.14295/remea.v0i1.8565},
  url = {https://doi.org/10.14295/remea.v0i1.8565},
  year = {2018},
  month = {nov},
  publisher = {Lepidus Tecnologia},
  number = {1},
  pages = {88--101},
  author = {Eliane Lima Piske and Mariana Costa Neuwald and Narjara Mendes Garcia},
  title = {Sustentabilidade ambiental, a \'{e}tica nas e com as rela\c{c}\~{o}es humanas e as intera\c{c}\~{o}es afetivas: tr\'{i}ade necess\'{a}ria \'{a}s pesquisas em Educa\c{c}\~{a}o Ambiental},
  journal = {{REMEA} - Revista Eletr{\^{o}}nica do Mestrado em Educa{\c{c}}{\~{a}}o Ambiental}
}

@article{piske2018c,
  doi = {10.29286/rep.v27i66.3364},
  url = {https://doi.org/10.29286/rep.v27i66.3364},
  year = {2018},
  month = sep,
  publisher = {Revista de Educacao Publica},
  volume = {27},
  number = {66},
  pages = {905},
  author = {Eliane Lima Piske and Maria Angela Mattar Yunes and Angela Adriane Bersch and Angela Torma Pietro},
  title = {Pr{\'{a}}ticas educativas nas institui{\c{c}}{\~{o}}es de acolhimento sob o olhar das crian{\c{c}}as},
  journal = {Revista de Educa{\c{c}}{\~{a}}o P{\'{u}}blica},
  note={No prelo},
}

@article{piske2019,
  doi = {10.5216/rir.v15i3.58821},
  url = {https://doi.org/10.5216/rir.v15i3.58821},
  year = {2019},
  month = nov,
  publisher = {Universidade Federal de Goias},
  volume = {15},
  number = {3},
  pages = {01--22},
  author = {Eliane Lima Piske and Maria Angela Mattar Yunes and Narjara Mendes Garcia},
  title = {Ambientes educativos como contextos microssist{\^{e}}micos para o desenvolvimento humano nas inf{\^{a}}ncias},
  journal = {Itinerarius Reflectionis}
}

@Book{rosenberg2006,
  author = {Marshall Rosenberg},
  title = {Comunica\c{c}\~{a}o n\~{a}o-violenta: T\'{e}cnicas para aprimorar relacionamentos pessoais e profissionais},
  translator = {M\'{a}rio Vilela},
  publisher = {\'{A}gora},
  address = {S\~{a}o Paulo},
  year = {2006}
}

@Article{silveira2009,
  author = {Simone de Biazzi \'{A}vila Batista da Silveira and Narjara Mendes Garcia and Angela Torma Pietro and Maria Angela Mattar Yunes},
  title = {Inser\c{c}\~{a}o Ecol\'{o}gica: metodologia para pesquisar risco e intervir com prote\c{c}\~{a}o},
  journal = {Psicologia da Educa\c{c}\~{a}o},
  number = {29},
  address = {S\~{a}o Paulo},
  year = {2009},
  url = {www.pepsic.bvsalud.org},
  urldate = {2020-08-23}
}
